% Encoding: UTF-8

@Article{Milgrom1982,
  author    = {Paul R. Milgrom and Robert J. Weber},
  title     = {A Theory of Auctions and Competitive Bidding},
  year      = {1982},
  month     = {sep},
  number    = {5},
  pages     = {1089},
  volume    = {50},
  doi       = {10.2307/1911865},
  publisher = {{JSTOR}},
}

@Comment{jabref-meta: databaseType:bibtex;}
